1918 2497
56 111 110 140 12

48 218 187 262 dubie
221 214 510 261 occasionem
543 215 770 261 dederunt
802 216 939 261 verba
970 232 1007 260 C.
1042 223 1099 276 95
1180 227 1244 270 Koq
1270 238 1315 259 *m
1344 236 1398 268 uoq
1423 221 1535 266 ἄνεμος
1562 227 1698 267 >sernay
1731 225 1843 259 οἷυτους

48 305 206 343 mmm.
259 288 349 333 Sed
382 288 532 349 ipsam
563 288 696 334 illam
730 289 855 334 venti
887 289 1210 350 intemperiem
1242 289 1459 335 leviorem
1492 288 1630 345 fuisse
1659 290 1846 352 colligas

52 379 107 408 ex
139 361 301 407 vocula
333 370 399 402 ’τισι
429 359 597 405 deinde
628 361 767 406 verba
796 372 948 407 nostro
981 362 1083 406 loco
1114 362 1439 422 prcecedentia,
1487 372 1513 404 ἐι
1549 370 1762 413 {mansuem
1797 387 1846 414 μη

48 454 237 485 „aron-mous
283 434 330 479 id
373 435 523 494 ipsum
556 434 642 479 sibi
675 434 858 481 volunt:
898 436 936 480 si
969 436 1079 481 satis
1112 436 1244 481 firmo
1276 437 1467 484 consilio
1507 438 1677 497 absque
1718 437 1844 480 omni

49 506 422 569 tergiversatione
474 505 696 552 Piraeeum
736 495 985 554 volnissent
1025 508 1213 563 adoriri,
1263 521 1423 556 ventus
1455 511 1551 572 ipse
1587 511 1736 572 (cujus
1766 518 1846 554 aut

50 583 358 628 mutationem
401 590 667 640 expectare,
709 593 791 628 aut
836 584 927 628 vim
973 593 1224 629 transverso
1267 601 1399 629 eursu
1449 584 1679 628 declinare
1721 593 1848 643 pote·

52 660 188 713 raim)
222 655 330 717 ipsis
363 654 699 715 impedimento
730 673 822 701 non
852 655 1026 703 fuisset.
1614 668 1619 671 ’

144 733 180 790 ᾁ.
221 732 288 774 15.
322 747 360 774 c.
386 729 460 790 96.
491 744 565 789 97.
627 729 700 773 De
732 730 916 792 Scythis
950 748 1098 792 pauca
1131 732 1320 793 quidem
1352 733 1432 777 sed
1467 740 1722 776 memoratu
1755 748 1845 775 non

49 806 239 867 indigna
282 801 414 848 affert
452 801 779 863 Thucydides:
831 805 958 867 cujus
1001 806 1279 853 sententiam
1328 805 1523 851 aliorum
1563 805 1850 865 scriptorum,

50 879 253 929 similem
287 876 530 922 materiam
565 877 884 933 tractantium,
916 877 1028 925 locis
1058 880 1152 941 jam
1193 879 1322 924 lubet
1353 879 1590 924 illustrare.
1642 877 1847 922 Primum

48 955 155 999 illos
188 953 234 996 in
268 950 523 996 confinibus
558 951 805 1006 Getarum,
839 969 951 1013 quos
986 963 1106 999 trans
1135 956 1349 998 Haemum
1384 951 1848 1012 et-circa'australem

49 1027 253 1073 Danubii
286 1025 435 1086 ripam
466 1023 686 1079 collocat,
731 1024 938 1072 habitare
979 1027 1113 1087 dicit:
1162 1028 1286 1073 unde
1319 1026 1529 1089 colligas,
1572 1026 1630 1070 de
1663 1023 1847 1086 Scythis

49 1101 279 1161 Europaeis
299 1099 626 1160 Thucydidem
659 1098 806 1159 loqui,
841 1100 920 1160 qui
942 1100 1172 1145 sinistram
1198 1102 1299 1145 Istri
1323 1101 1470 1160 ripam
1495 1098 1719 1152 accolam,
1752 1115 1844 1158 qua

48 1174 164 1219 mari
199 1174 466 1230 misceatur,
499 1170 713 1232 proximis
749 1182 796 1216 et
825 1171 1117 1217 ulterioribus
1152 1172 1263 1218 locis
1297 1173 1470 1218 ideirco
1504 1188 1595 1217 non
1629 1173 1842 1232 exceptis.

47 1252 119 1294 De
152 1249 256 1294 vitae
287 1262 449 1309 genere
481 1245 580 1291 haee
612 1244 772 1290 habet:
814 1245 910 1305 pari
954 1262 1030 1291 eos
1074 1263 1181 1303 cum
1214 1247 1347 1292 Getis
1380 1245 1510 1292 cultu
1540 1246 1633 1301 uti,
1677 1246 1843 1306 sagitta

49 1339 105 1367 ex
131 1321 258 1383 equis
293 1328 559 1382 pugnantes.
635 1321 818 1380 Vagum
849 1317 988 1380 igitur
1022 1319 1126 1369 ,vitae
1158 1334 1297 1379 genus
1330 1318 1454 1363 haud
1488 1317 1665 1365 disertis
1698 1318 1842 1364 verbis

47 1396 103 1443 iis
136 1393 368 1448 attribuit,
401 1393 524 1453 quod
559 1401 714 1437 tamen
748 1391 987 1452 plerosque
1020 1408 1176 1437 eorum
1198 1400 1377 1437 secutos
1400 1407 1518 1446 esse,
1538 1403 1715 1453 'magno
1739 1409 1843 1438 con-

46 1485 181 1514 sensu
214 1477 390 1512 veteres
421 1475 529 1510 sunt
561 1473 790 1509 auctores:
834 1480 1099 1525 quanquam
1131 1464 1371 1511 nonnullas
1413 1468 1573 1527 stirpes
1618 1468 1734 1529 agris
1767 1485 1840 1512 co-

47 1542 197 1588 lendis
250 1556 436 1600 operam
485 1539 665 1583 dedisse
705 1541 969 1582 Herodotus
1009 1539 1160 1583 tradit.
1241 1540 1311 1582 De
1357 1539 1516 1599 opibus
1562 1540 1840 1601 Scytharum

48 1621 166 1660 hanc-
191 1615 354 1659 Noster
382 1612 526 1657 habet
554 1612 853 1657 sententiam:
887 1613 1162 1666 Thracibus,
1196 1629 1459 1675 quanquam
1488 1617 1606 1660 inter
1621 1616 1840 1660 junicum

50 1699 95 1732 et
127 1687 370 1733 Ponticum
402 1701 527 1730 mare
558 1684 874 1740 validissimis,
916 1685 1018 1731 illos
1052 1685 1289 1747 proeliandi
1322 1689 1480 1734 robore
1522 1698 1569 1734 et
1606 1690 1840 1750 copiarum

48 1779 237 1808 numero
270 1761 405 1821 longe
445 1776 543 1805 esse
575 1760 848 1820 superioresz
891 1776 976 1804 nec
1009 1760 1184 1814 ullum,
1227 1761 1300 1805 vel
1339 1761 1387 1806 in
1418 1763 1621 1821 Europa,
1665 1763 1737 1807 vel
1779 1766 1837 1808 ne

47 1838 96 1881 in
130 1836 237 1881 Asia
269 1834 460 1898 quidem
493 1832 742 1895 populum,
774 1834 810 1878 si
843 1834 1042 1894 singulos
1078 1850 1331 1893 compares,
1362 1832 1545 1893 Scythis
1573 1836 1838 1895 aequiparari

47 1924 201 1970 posse,
242 1916 323 1952 aut
363 1922 519 1967 parem
566 1906 796 1961 futurum,
852 1905 1079 1968 siquidem
1125 1906 1371 1953 concordes
1408 1905 1527 1951 inter
1569 1922 1618 1952 se
1658 1907 1837 1956 fuerint.

50 1983 187 2043 Quod
231 1999 335 2027 vero
377 1998 446 2026 res
489 1983 547 2025 ad
586 1982 731 2026 vitam
764 1981 1039 2026 necessarias
1072 1982 1300 2033 adtineat,
1342 1980 1538 2041 Scythas
1570 1983 1757 2028 consilio
1791 1996 1838 2030 et

47 2054 291 2117 prudentia
323 2053 425 2099 aliis
447 2053 624 2116 populis
654 2054 883 2100 inferiores
917 2070 1030 2100 esse.
1085 2056 1342 2100 Memoratu
1363 2053 1552 2115 dignum
1574 2067 1662 2110 est,
1697 2060 1834 2119 quod,

49 2145 150 2189 quae
180 2128 482 2189 Thucydides
514 2129 572 2171 de
603 2128 807 2188 Scythis,
858 2129 1020 2172 eadem
1061 2127 1204 2171 ferme
1243 2127 1300 2169 de
1339 2125 1590 2171 Thracibus
1627 2129 1835 2189 perhibet
1890 2141 1893 2143 ·

45 2200 310 2251 Herodotus
343 2204 401 2251 V.
445 2200 490 2249 3.
536 2218 727 2263 nempe:
791 2211 950 2262 praeter
1004 2200 1140 2246 Indos
1188 2199 1602 2249 numerosissimam
1652 2215 1834 2264 gentem
