1918 2497
49 79 75 118 f,

47 217 95 245 se
129 201 329 245 habeant
358 198 551 244 alterius
581 201 759 264 generis
791 201 949 255 cives,
972 201 1164 262 grandia
1196 204 1453 252 molientes.
1515 208 1629 264 Sed,
1663 221 1716 257 ut
1759 211 1848 259 larz

44 274 244 329 giamtrr,
279 290 307 318 a
341 275 505 319 Nostro
539 295 573 316 ro
597 285 792 325 βελομιναν,
830 295 868 316 τι
893 280 1068 328 irenaeum,
1099 284 1140 318 τὸ
1164 274 1314 328 πολεμιων
1348 278 1533 340 aliaque
1563 293 1724 329 neutra
1754 286 1847 331 sin-

43 348 215 403 gularia
274 365 354 410 pro
403 347 659 394 masculino
710 346 879 408 plurali
935 346 1108 407 passim
1158 352 1386 409 usurpari,
1448 353 1526 407 (cf.
1567 358 1724 414 Poppo
1771 358 1843 403 ed.

42 427 183 467 'l'hue
222 426 254 467 1.
297 439 332 467 1.
372 439 414 482 p.
450 425 584 479 104):
623 420 865 466 fatendum
896 429 1053 464 tamen
1094 430 1187 474 est,
1229 442 1266 463 το
1296 431 1489 479 ἄπραγμον,
1529 436 1576 473 et
1607 448 1649 469 “to
1682 431 1841 485 δρας-,μιν

40 498 314 560 simpliciter
344 496 543 558 positum
574 493 664 541 hoc
696 474 986 556 potissimum
1016 492 1120 539 loeo
1152 494 1309 541 durius
1341 497 1434 543 dici
1461 516 1545 560 pro
1575 507 1603 544 ἐι
1627 509 1839 558 dagarum,

43 586 89 618 et
123 584 209 618 cet.

131 647 329 700 Deinde,
363 646 399 691 si
430 653 635 702 ἀκραγμωιι·
661 643 694 689 ii
725 653 851 699 sunt,
887 644 964 705 qui
999 661 1046 690 re
1079 645 1175 706 ipsa
1208 646 1325 693 nihil
1357 659 1521 710 agunt3
1563 653 1644 712 per
1688 653 1836 713 reipu-

35 723 97 767 ΜΖ
104 738 167 767 cae
200 720 493 766 Atheniensis
527 719 724 764 rationes
757 718 891 763 alteri
923 718 1094 763 civium
1130 721 1243 780 parti
1269 720 1391 765 haud
1420 722 1612 780 licebat,
1645 727 1739 772 otio
1765 732 1834 774 in-

38 799 245 858 dulgere,
280 797 391 840 dum
423 793 614 840 altera
601 810 650 839 m
679 793 815 838 rebus
847 792 1034 854 agendis
1068 796 1350 840 versabatur·
1395 798 1520 845 velut
1564 801 1830 863 Dicaeopolis

34 872 115 916 ille
147 872 193 914 in
225 869 588 914 Acharnensibus
618 863 974 925 Aristophanis,
1009 865 1089 927 qui
1119 880 1394 914 consuetum
1432 888 1583 918 rerum
1623 876 1830 921 ordinem

34 948 118 1007 joci
154 961 291 991 causa
325 944 432 988 data
462 958 600 1002 opera
641 940 879 1002 pervertit,
922 957 1002 1001 pro
1041 957 1091 986 se
1130 942 1227 1002 ipse
1265 960 1432 1004 pacem
1469 962 1579 993 cum
1620 948 1827 995 hostibus

31 1030 192 1083 pactus
225 1033 324 1064 esse
357 1017 556 1079 fingitur.
623 1017 739 1077 Quae
769 1015 893 1060 enim
920 1014 1076 1075 populi
1117 1015 1338 1077 suffragiis
1374 1018 1422 1063 in
1455 1036 1706 1068 commuue
1745 1025 1826 1069 de-

33 1107 153 1140 creta
188 1105 337 1146 erant,
373 1111 427 1137 ea
460 1094 515 1136 ab
548 1092 759 1136 omnibus
793 1100 891 1135 rata
923 1089 1082 1134 haberi
1115 1093 1367 1149 oportebat.
1430 1096 1509 1139 Sin
1541 1108 1697 1142 autem
1725 1115 1826 1144 sen-

30 1186 104 1218 sus
147 1186 242 1214 esse
285 1168 471 1213 debeat:
516 1162 862 1226 tranquillitatis
906 1163 1095 1224 cupidos
1138 1162 1285 1208 salvos
1314 1182 1416 1225 *non
1454 1167 1573 1223 fore,
1617 1170 1701 1216 nisi
1743 1172 1821 1218 alii

29 1246 150 1287 cives
186 1244 316 1285 rebus
345 1240 558 1301 gerendis
588 1237 801 1282 alacriter
827 1237 1174 1293 incumberent;
1208 1255 1262 1281 ex
1292 1241 1460 1284 autoris
1492 1243 1638 1286 verbis
1680 1242 1822 1289 talem

24 1314 408 1378 significationem
430 1312 503 1358 vix
526 1320 808 1372 extorqueas,
866 1311 1073 1366 Etenim,
1108 1312 1184 1373 qui
1207 1311 1420 1359 lubenter
1441 1314 1672 1373 feriantur,
1695 1319 1820 1378 juxta

26 1393 144 1437 cives
179 1405 343 1450 magna
373 1396 593 1431 conantes
625 1401 740 1446 aegre
774 1384 1079 1440 collocantur,
1115 1403 1201 1430 nec
1229 1386 1328 1431 fieri
1361 1399 1532 1447 potest,
1565 1390 1648 1434 nisi
1680 1393 1818 1436 utal-

25 1478 173 1510 terum
208 1480 347 1524 grnus
391 1460 577 1506 alterius
616 1458 858 1503 conatibus
898 1457 1147 1518 plurimum
1179 1459 1372 1513 officiat,
1417 1477 1471 1505 ac
1503 1463 1560 1507 ob
1590 1462 1635 1506 id
1666 1464 1815 1524 ipsum

19 1537 301 1598 singulorum
341 1533 481 1580 saluti
528 1531 652 1576 male
701 1530 979 1576 consulatur.
1055 1535 1107 1576 ln
1151 1533 1316 1576 iisdem
1363 1534 1501 1593 igitur
1551 1535 1813 1584 hominibus

23 1625 153 1656 autor
179 1611 284 1662 vigae
320 1606 576 1668 tranquillae
604 1606 809 1651 studium
844 1622 994 1649 rerum
1027 1595 1328 1666 gmendarum
1360 1623 1515 1651 amore
1556 1619 1637 1653 aut
1669 1610 1813 1655 diver-

22 1688 81 1732 sis
116 1683 394 1744 temporibus
427 1689 508 1725 aut
538 1679 630 1724 alio
659 1680 877 1740 quopiam
912 1681 1049 1725 modo
1082 1691 1388 1742 temperatum
1412 1682 1625 1727 sumsisse
1659 1684 1807 1729 existi-

22 1760 215 1803 mandus
249 1766 338 1800 est:
373 1754 771 1815 quemadmodum
802 1754 859 1798 de
894 1754 1138 1799 Germanis
1179 1755 1500 1812 Tacitus‚·(de
1532 1769 1640 1799 mor.
1669 1773 1808 1815 germ.

20 1852 58 1877 c.
86 1832 181 1882 ¹15>
225 1829 457 1889 quotiens,
499 1827 586 1882 ait,
639 1826 762 1872 bella
801 1845 890 1872 non
933 1829 1112 1879 ineunt,
1169 1845 1261 1873 non
1310 1827 1510 1873 multum
1552 1829 1804 1886 venatibus,

17 1908 120 1967 plus
162 1921 240 1964 per
275 1903 420 1947 otium
464 1900 742 1962 transigunt:
791 1899 1059 1946 fortissimus
1102 1901 1296 1960 quisque
1337 1917 1392 1945 ac
1433 1899 1805 1948 bellicosissimus

16 1979 132 2024 nihil
165 1977 281 2038 agit:
317 1976 429 2019 mira
463 1975 725 2020 diversitate
759 1985 951 2025 naturae,
997 1990 1103 2016 cum
1136 1973 1278 2017 iidem
1311 1973 1518 2018 homines
1550 1974 1613 2017 sie
1645 1989 1803 2020 ament

14 2052 253 2105 inertiam,
297 2059 344 2094 et
385 2049 564 2094 oderint
595 2048 814 2110 quietem.
893 2048 1075 2093 Deinde
1115 2069 1152 2089 το
1175 2055 1343 2103 ἅπραγμω
1379 2046 1502 2092 idem
1544 2059 1631 2101 est,
1667 2048 1798 2110 squod

12 2125 150 2187 paulo
192 2121 420 2185 superius.
463 2129 707 2178 ἄπραγμοσννη.
737 2122 815 2175 (cf.
856 2125 1008 2184 Poppo
1054 2122 1081 2167 l.
1126 2139 1165 2167 c.
1207 2138 1248 2183 p.
1289 2119 1393 2180 168)
1435 2138 1520 2168 nec
1559 2121 1699 2166 aliam
1741 2125 1798 2167 ob

10 2215 196 2268 eausam
230 2198 347 2243 illud
381 2213 459 2258 pro
501 2197 589 2242 hoc
629 2196 851 2243 vocabulo
884 2199 1083 2259 ponitur,
1128 2196 1216 2240 nisi
1250 2206 1302 2241 ut
1331 2214 1375 2244 ‘rt-
1397 2199 1547 2250 δραι-ιρις·
1573 2198 1798 2257 adjectiva
