1918 2497
24 98 57 141 4

26 211 233 248 mentem
265 216 497 254 revocare,
531 215 649 260 quae
683 208 784 245 tum
815 200 967 244 simile
1000 209 1321 262 argumentum
1346 208 1566 256 tractant,
1602 211 1700 247 tum
1726 220 1822 249 ver-

28 280 192 323 borum
237 283 465 322 structura
506 290 533 317 a
574 272 677 318 loco
720 270 1009 333 Thucydidis
1042 273 1231 319 laudato
1264 273 1387 318 haud
1426 273 1576 319 aliena
1619 287 1822 321 utuntur.

30 350 198 398 Orator
228 350 329 409 (pro
362 362 527 393 corona
560 363 598 391 c.
632 346 705 390 32.
749 346 820 391 ed.
853 345 1029 390 HarleS.
1069 362 1111 407 p.
1145 345 1255 403 226)
1298 348 1412 392 bene
1454 365 1501 393 se
1547 348 1700 409 patrive
1744 365 1824 392 cu-

27 441 158 486 pere,
194 433 240 469 et
271 421 575 482 locupletium
608 419 809 465 favorem
839 420 1012 479 juribus
1044 420 1224 481 populi,
1253 417 1456 482 Philippi
1489 439 1592 467 vero
1625 423 1825 484 largitio-

28 516 110 546 nes
143 507 190 545 et
218 496 470 558 hospitium
511 492 746 541 communi
781 495 1034 539 Graecorum
1073 493 1210 540 saluti
1251 494 1565 556 posthabuisse
1609 507 1822 543 testatur:

30 573 300 632 ibidemque
334 587 372 614 c.
407 578 462 618 535
495 578 541 613 et
574 569 635 627 64
665 569 860 614 eandem
889 567 1005 622 fere,
1047 584 1186 629 quam
1219 568 1412 615 Pericles
1445 570 1492 615 in
1523 571 1822 630 praedicandis

28 649 120 695 suis
153 644 327 692 meritis
360 643 553 690 adhibet
584 642 942 704 gradationem..
980 643 1101 688 Cum
1141 644 1349 690 universa
1381 646 1467 690 ista
1501 645 1685 690 Periclis
1727 665 1824 691 ora-

29 721 154 768 tione
188 718 389 765 conferre
419 718 547 779 juvat
569 715 802 762 Ciceronis
835 715 914 772 (de
939 715 1131 762 Oratore
1151 718 1230 763 111.
1265 717 1403 773 034)
1434 719 1682 779 judicium:
1712 721 1825 774 „Pe-

29 795 162 841 ricles
198 809 304 838 cum
348 799 507 835 contra
548 789 834 835 voluntatem
879 790 1536 854 Atheniensium.loqueretur
1568 810 1645 854 pro
1676 793 1823 839 salute

30 870 210 931 patriae,
255 867 453 913 severius
494 875 650 910 tamen
691 864 736 908 id
780 864 949 924 ipsum,
993 865 1116 925 quod
1157 865 1238 910 ille
1271 875 1427 911 contra
1470 866 1710 927 populares
1743 867 1825 911 ho-

30 945 176 989 mines
210 942 404 993 diceret,
443 937 659 1001 populare
691 936 904 983 omnibus
937 953 992 983 ac
1021 938 1277 1000 jucundum
1308 938 1456 985 visum
1476 956 1592 986 esse:
1629 950 1825 986 tantam-

32 1035 122 1079 que
155 1018 201 1060 in
235 1034 288 1061 eo
321 1015 415 1059 vim
448 1013 613 1067 fuisse,
645 1022 699 1056 ut
729 1012 776 1055 iu
799 1028 955 1057 eorum
978 1011 1223 1066 mentibus,
1247 1012 1326 1072 qui
1348 1013 1606 1066 audissent,
1640 1015 1823 1059 aculeos

30 1091 256 1153 quosdam
298 1088 620 1149 relinqueret.“
693 1086 827 1130 Hanc
858 1085 1009 1145 ipsum
1052 1084 1109 1129 de
1142 1084 1315 1131 Pericle
1346 1086 1622 1132 sententiam
1656 1090 1827 1132 Diocle·
1891 1137 1902 1142 ,

32 1182 116 1210 rus.
149 1166 274 1217 (XII.
305 1181 346 1224 p.
376 1163 480 1212 307.
517 1162 587 1206 ed.
619 1158 799 1220 steph.)
831 1158 995 1218 Eupoli
1030 1163 1173 1220 poe'tae
1206 1159 1376 1204 tribuit.

125 1238 161 1298 ᾧ.
195 1254 234 1283 2.
271 1256 307 1283 c.
339 1237 411 1282 61.
445 1244 509 1278 Kou
533 1256 595 1289 γαρ
618 1241 660 1277 ὄις
687 1255 745 1285 μεν
772 1239 881 1286 αἵρεσις
908 1254 1077 1285 yeyevnnu
1101 1242 1222 1277 τᾶλλα
1249 1244 1431 1285 {uz-uxum,
1457 1247 1566 1282 κολλη
1603 1243 1691 1279 α’νκκ
1728 1249 1826 1280 πολι-

34 1335 151 1366 μηααι,
180 1312 260 1357 rel.

126 1387 323 1432 Solcrter
366 1386 423 1429 de
475 1389 565 1429 hoc·
604 1384 706 1429 loco
756 1381 1005 1442 disputavit
1051 1384 1348 1436 Doederlein,
1397 1383 1463 1427 vir
1501 1383 1669 1429 clariss.
1714 1384 1827 1438 (vid.

34 1464 229 1507 Seehode
269 1462 420 1506 Neues
464 1458 635 1504 Archiv
681 1456 756 1502 fur
794 1456 957 1502 Philol.
1000 1458 1095 1502 und
1135 1458 1369 1521 Paedagog.
1421 1475 1454 1504 ι,
1495 1477 1538 1505 u.
1571 1470 1669 1505 ztes
1701 1459 1827 1506 Heft.

35 1556 78 1600 p.
116 1536 237 1592 136)
280 1541 412 1577 Τοὶλλοι
435 1544 608 1585 ἔντυχουσι
633 1532 850 1586 sumitur,
892 1548 971 1592 pro
1013 1539 1133 1576 τᾶλλα
1169 1554 1301 1578 ποιουσιν
1325 1543 1483 1587 ὶυτυχειιν.
1568 1535 1637 1579 De
1680 1534 1828 1595 ellipsi

32 1611 156 1659 verbi
189 1631 279 1668 mm
305 1607 543 1672 adeundus
577 1607 953 1651 est1Lambertus
986 1609 1085 1651 Bos
1121 1607 1202 1659 (de
1235 1607 1380 1668 ellips.
1407 1608 1566 1669 graecis.
1585 1608 1658 1653 ed.
1681 1608 1829 1654 Schae-

37 1688 117 1733 fer.
151 1702 191 1746 p.
226 1680 357 1740 646.)
424 1679 671 1741 Sequentia
701 1679 768 1725 ita
801 1678 1103 1740 explicantur:
1136 1680 1250 1735 „Sin
1277 1689 1434 1727 autem
1465 1680 1711 1726 necessitas
1747 1681 1831 1730 ali-

39 1762 113 1807 cui
145 1761 418 1820 imponatur,
451 1754 553 1800 aliis
584 1771 632 1799 se
659 1753 955 1815 subjiciendi,
982 1754 1171 1815 opt-ione
1197 1764 1355 1799 tamen
1387 1754 1639 1816 proposita,
1672 1756 1749 1801 vel.
1778 1768 1831 1803 ut

39 1836 197 1883 statim
225 1834 368 1879 victas
403 1831 484 1875 det
513 1845 701 1883 manus,
732 1828 805 1874 vel
838 1828 925 1883 ita,
957 1838 1011 1873 ut
1042 1829 1100 1873 de
1131 1829 1321 1875 victoria
1354 1830 1579 1876 decertet:
1627 1830 1832 1892 (supple-

41 1921 116 1955 tur
145 1929 215 1964 ηιμ
239 1927 293 1948 του
329 1914 434 1950 ante
486 1906 744 1960 κεμγεηᾶωι);
785 1901 844 1956 is,
890 1901 968 1961 qui
1005 1902 1267 1947 certaminis
1310 1902 1564 1962 periculum
1608 1905 1832 1952 detrecta-

42 1984 178 2034 verit,
224 1982 269 2026 in
313 1979 460 2024 multo
501 1979 722 2037 majorem
764 1976 954 2022 incurrit
996 1973 1417 2034 reprehensionem,
1469 1993 1609 2037 quam
1632 1979 1705 2034 is,
1752 1981 1833 2040 qui

42 2071 244 2119 pugnam
286 2051 596 2099 sustinuerit.“
670 2050 975 2112 Praecipuam,
1016 2048 1171 2094 locum
1212 2047 1335 2095 hunc
1364 2049 1456 2096 'ita
1502 2049 1832 2113 interpretandi

43 2131 265 2176 rationem
298 2125 593 2186 suppeditant
623 2122 744 2168 haec:
788 2124 825 2168 si
858 2132 1125 2171 consuetam
1156 2122 1356 2184 sequaris
1395 2122 1832 2186 interpretationem,

6 2225 9 2227 >
45 2204 345 2265 Thucydides
378 2201 492 2248 falso
524 2201 764 2249 asseruisse
797 2199 1128 2248 existimandus
1159 2206 1303 2251 esset,
1347 2214 1474 2253 eum,
1517 2199 1595 2260 qui
1629 2199 1835 2259 periculo*
