1918 2497
97 503 133 562 ἑ.
154 476 301 547 1.Ad
329 497 616 561 Thucydidis
646 499 759 545 1.-11-.
792 516 831 545 c.
852 498 922 546 60.
948 516 1045 563 sqq.
1077 500 1298 557 Pericles,
1331 516 1437 546 cum
1465 499 1763 547 Athenienses
1784 501 1851 546 in-

64 585 357 638 gravescente
391 573 661 634 pestilentiae
681 572 807 619 malo
826 573 1040 628 afflictos,
1070 584 1121 620 et
1139 585 1327 636 urgente
1352 574 1459 619 belli
1482 575 1753 620 calamitate
1775 592 1851 619 ex-

59 649 294 694 acerbatos
328 647 525 704 videret3
558 647 681 709 gravi
706 645 937 704 oratione,
965 648 1064 695 viro
1092 657 1221 694 tanto
1252 663 1428 710 prorsus
1472 648 1631 710 digna,
1676 648 1847 694 civium

58 723 234 767 animos
280 733 377 766 tum
418 720 600 781 placare
640 722 817 775 studet,
857 732 958 766 tum
998 722 1240 776 consolari,
1283 733 1330 767 et
1379 723 1563 782 erigere.
1640 723 1692 766 Id
1742 739 1846 766 vero

57 796 306 857 praesertim
338 794 436 856 agit.
465 804 635 850 orator,
679 804 733 841 ut
771 794 926 855 ¹patriae
964 795 1224 841 communis
1254 810 1438 841 sensum
1481 806 1529 840 et.
1560 808 1765 840 amorem
1797 797 1846 839 in

54 870 229 915 civium
275 866 439 914 animis
481 868 673 923 excitet,
718 885 906 929 eosque,
958 868 1109 930 gloriae
1146 867 1346 914 stimulis
1387 870 1662 930 exagitatos,
1703 886 1844 929 quam

59 943 244 1004 direptis
277 942 397 1004 agris
427 952 476 987 et
503 941 680 1002 praediis
713 940 926 990 fecissent
952 943 1201 1003 jacturam,
1235 940 1463 1004 indignius
1497 938 1613 988 ferre
1643 960 1733 988 non
1767 960 1847 1005 pa—

2 1077 5 1079 ,
62 1021 212 1064 tiatur.
295 1018 384 1061 Sed
429 1018 536 1062 cu'm
572 1032 758 1078 >gravem
802 1016 898 1077 ipse
938 1013 1162 1062 invidiam
1202 1017 1249 1062 in
1289 1034 1338 1062 se
1375 1014 1700 1072 contraxisset,
1751 1035 1842 1062 non

54 1104 228 1155 potest,
260 1093 369 1153 quin
401 1106 500 1137 sese
539 1091 688 1153 ipsum
719 1089 1001 1137 auditoribus
1031 1102 1220 1154 purget,
1264 1102 1310 1138 et
1341 1092 1531 1138 virtutes
1565 1107 1667 1137 suas
1700 1109 1839 1154 popu-

61 1169 229 1221 laribus
257 1167 565 1211 commendet.
608 1164 902 1230 Exposittirus
934 1181 1039 1210 vero
1068 1181 1208 1226 quam
1241 1167 1358 1211 bene
1391 1168 1449 1210 de
1478 1167 1712 1226 republica
1745 1184 1839 1211 me-

59 1243 219 1295 ruerit,
263 1257 314 1285 ea
354 1239 499 1285 utitur
535 1240 771 1285 verborum
809 1237 1123 1294 exornatione,
1163 1255 1306 1301 quam
1337 1251 1469 1285 antor
1511 1239 1837 1289 rhetoricorum

57 1317 114 1358 ad
158 1315 441 1359 Herennium
483 1313 512 1358 l.
546 1316 625 1359 IV.
653 1330 694 1359 c.
726 1313 798 1359 25.
838 1313 1149 1374 gradationem
1186 1324 1333 1358 vocat.
1401 1314 1633 1367 „Mihinm
1673 1315 1836 1374 inquit,

54 1389 137 1435 tali
169 1390 281 1441 viro,
316 1388 446 1433 irasci
477 1384 679 1441 audetis,
725 1386 804 1447 qui
835 1401 1102 1447 persuasum
1142 1387 1367 1443 habeam,
1414 1405 1488 1432 me
1523 1388 1568 1432 in
1609 1385 1690 1443 iis,
1737 1405 1836 1449 quae

52 1466 246 1511 adrem
284 1461 484 1517 faciunt,
532 1460 857 1522 cognoscendis
899 1458 1156 1522 iisdemque
1195 1461 1474 1522 explicandis
1518 1461 1632 1506 nulli
1676 1480 1815 1507 secun

47 1542 185 1591 dum,
234 1537 387 1598 patriae
425 1534 797 1600 amantissimum
841 1544 888 1579 et
929 1534 1131 1594 pecuniae
1171 1533 1411 1594 cupiditati
1457 1552 1544 1579 non
1588 1536 1833 1581 obnoxium

52 1630 163 1658 csse,
216 1612 260 1655 Si
283 1611 386 1672 quis
407 1610 532 1654 enim
564 1624 713 1653 rerum
736 1607 904 1667 peritus
931 1608 1085 1663 fuerit,
1118 1625 1203 1654 nec
1237 1607 1492 1654 luculenter
1524 1620 1664 1669 queat
1694 1610 1752 1654 de
1777 1609 1830 1654 iis

47 1691 290 1748 exponere,
336 1684 519 1744 perinde
563 1692 654 1735 est,
694 1697 748 1725 ac
781 1681 815 1723 si
849 1696 1083 1741 nunquam
1115 1683 1203 1727 ista
1235 1684 1281 1727 in
1315 1685 1521 1728 animum
1565 1684 1827 1727 induxisset.

43 1762 87 1806 si
121 1761 195 1805 cui
228 1777 331 1805 vero
362 1768 608 1817 utrumque
639 1754 772 1810 insit,
805 1770 890 1799 nec
922 1754 1048 1800 idem
1080 1757 1236 1816 patriae
1268 1756 1384 1802 benc
1418 1757 1598 1817 cupiat,
1629 1754 1748 1800 nihil
1782 1755 1827 1799 in

42 1853 149 1880 usus
180 1835 384 1895 publicos
417 1832 496 1876 ille
527 1830 804 1891 profecturus
836 1828 1028 1874 videtur.
1090 1833 1154 1874 At
1185 1830 1223 1875 si
1258 1831 1328 1875 vel
1364 1831 1450 1874 hoc
1482 1829 1700 1883 adfuerit,
1745 1831 1826 1874 sed

42 1908 242 1968 pecuniae
273 1906 526 1968 cupiditate
557 1902 721 1965 aliquis
753 1902 814 1948 sit
842 1900 1049 1961 inferior3
1080 1903 1201 1950 hanc
1233 1922 1371 1950 unam
1412 1906 1469 1949 ob
1510 1921 1607 1950 rem
1650 1904 1825 1966 reliqua

39 1983 193 2027 omnia
224 1981 566 2025 venumdabit.“
628 1978 809 2030 Liceat,
850 1977 1200 2033 Demosthenis,
1243 1994 1379 2038 quem
1420 1978 1661 2022 alumnum
1693 1978 1820 2038 quasi

41 2054 330 2116 'l'hucydidei
363 2052 533 2113 ingenii
568 2050 753 2103 dixeris,
785 2048 864 2110 qui
894 2050 1119 2110 potiorem
1150 2067 1258 2097 aura
1290 2051 1494 2113 populari
1518 2051 1713 2106 salntem
1738 2067 1820 2111 pu-

41 2131 206 2176 blicam
249 2120 508 2171 habendam
548 2142 666 2178 esse,
720 2121 857 2185 ipsius
898 2122 1083 2171 Periclis
1126 2125 1335 2187 exemplo
1374 2124 1589 2187 (Olynth.
1621 2125 1705 2171 111.
1746 2125 1818 2171 ed.

36 2204 255 2257 schefer,
301 2201 443 2245 Lond.
485 2200 612 2258 ¹824·
655 2202 688 2247 1.
723 2215 765 2259 p.
798 2198 878 2257 23)
919 2199 1075 2255 docet,
1123 2201 1219 2246 loca
1264 2199 1439 2259 aliquot
1483 2197 1728 2245 lectoribus
1769 2199 1815 2244 in

1313 2276 1365 2321 ι*
