1918 2497
45 91 49 94 ,
67 81 95 124 8
1128 94 1135 119 1

41 210 184 245 ratur:
233 216 333 261 quae
380 198 571 261 quidem
623 199 797 261 optime
838 199 1130 247 concordant·
1161 217 1268 248 cum
1316 201 1496 250 Periclis
1527 204 1840 252 admonitione

46 276 165 335 apud
199 274 530 336 Thucydidem
563 292 600 320 c,
634 273 706 319 65,
733 278 789 317 ὅδε·
808 279 1053 325 ἧσνχοιςὶντσιε,
1087 298 1145 318 xm
1171 285 1275 332 ἀρχην
1308 299 1358 328 μη
1383 287 1615 330 ἐπικτωμενονς
1629 288 1678 321 ιὲν
1708 302 1752 331 τᾳ
1787 302 1839 322 κο.

39 359 131 398 λελοιφ
159 352 240 395 μηδι
266 368 304 398 τῃ
331 360 423 397 κολα
449 352 675 391 κινδυνευοηαε
700 356 765 399 ἔφη
796 338 990 403 περῑεσεθαῑ.
1031 349 1148 395 conf.
1187 352 1220 396 Ῑ.
1270 363 1368 409 144.
1444 354 1496 396 In
1537 352 1700 397 eadem
1738 367 1840 397 sen-

42 424 186 469 tentia
220 421 444 468 Periclem
476 420 771 482 perstiturum
802 420 965 477 fuisse,
1005 422 1043 467 si
1075 432 1260 468 aetatem
1292 425 1349 468 ad
1385 441 1439 470 ea
1470 435 1697 487 tempora,
1739 426 1838 487 qui-

44 500 126 543 bus
159 497 391 557 expeditio
419 494 504 540 illa
534 493 683 540 sicula
714 505 925 555 suscepta
945 505 1037 550 cst,
1069 496 1378 557 produxisset,
1411 514 1562 559 neque
1589 498 1836 564 Alcibiadi3

40 571 121 616 sed
155 570 297 616 Niciae
327 567 716 629 adstipulaturum
753 568 912 623 fuisse,
957 568 1177 630 equidem
1209 570 1429 616 credibile
1451 571 1695 617 existimo.
1756 573 1837 617 Et‘-

41 647 165 691 enim
219 644 484 690 domesticae
534 643 887 690 Atheniensium
935 660 1043 704 opes
1094 644 1217 690 bello
1267 655 1314 689 et
1358 645 1619 705 pestilentia
1668 648 1835 692 attritae

41 734 307 779 quanquam
342 732 455 777 pace
486 716 544 761 ad
578 725 760 777 tempus
793 717 1046 778 composita
1077 718 1418 781 aliquantulum
1447 719 1749 775 refocillatae,
1775 722 1834 766 ad

38 794 246 838 Siciliam
279 790 630 851 expugnandam
659 789 734 835 vix
763 790 1074 845 sufficiebant,
1106 793 1280 837 nedum
1312 794 1370 837 ad
1406 794 1603 850 tuenda,
1637 812 1738 856 quae
1765 812 1835 841 ar·
1871 808 1873 812 ·

39 867 126 914 mis
160 875 396 928 pararent:
438 863 561 926 quod
592 872 717 908 reete
749 863 930 909 monuit
961 863 1115 911 Nicias
1147 865 1269 926 apud
1310 867 1512 925 Thucy-d.
1535 869 1614 913 VI.
1659 884 1728 915 11.
1762 883 1834 915 20.

37 957 110 987 21.
143 941 261 986 conf.
284 940 526 984 Plutarch.
558 937 608 982 in
635 936 773 982 Nicia
804 954 843 982 c.
871 952 924 982 12
957 948 1005 984 et
1030 942 1224 984 Diodor.
1255 938 1333 984 lib.
1356 941 1458 985 XII.
1491 942 1575 985 sub
1597 941 1674 986 fin.
1705 942 1833 987 Thu-

38 1015 232 1075 cydides
264 1013 360 1073 ipse
392 1011 584 1071 quidem
616 1010 955 1072 expeditionem
986 1010 1191 1056 Siculam
1223 1028 1314 1056 non
1336 1012 1522 1057 omnino
1541 1014 1831 1060 temerariam

38 1099 118 1133 aut
149 1085 316 1131 stolide
357 1091 618 1143 susceptam
660 1083 746 1128 sibi
788 1084 936 1128 videri·
961 1084 1178 1144 indigitat
1215 1083 1286 1129 his
1322 1084 1480 1129 verbis.
1514 1093 1612 1127 ἄλλα
1649 1107 1686 1128 τε
1718 1098 1832 1128 πολλα

33 1168 213 1216 ἦμαρ-,13η
241 1179 295 1210 naq
322 1163 337 1200 ὅ
363 1165 394 1198 ἒς
423 1164 574 1197 Seuthem
597 1167 717 1198 κλουῐ·
743 1163 760 1199 o‘
786 1164 824 1199 οὐ
850 1176 993 1199 ‘recovrer
1019 1177 1144 1208 γνωμης
1179 1162 1367 1212 ἆμαρ-νημαι
1403 1164 1460 1206 ἤν,
1493 1178 1582 1211 προς·
1601 1164 1653 1199 o‘vs
1687 1166 1834 1209 ἕαῃεσαν,

33 1244 115 1283 ὅσον,
145 1272 155 1282 .
185 1270 194 1281 .
224 1265 235 1277 .
262 1238 440 1280 Tamen
471 1242 519 1276 et
549 1231 648 1292 ipse
679 1230 799 1276 inter
827 1237 1061 1286 imp-numa
1088 1230 1380 1291 aliquatenus
1414 1247 1516 1275 eam
1547 1230 1694 1276 refert.
1751 1233 1830 1277 Ni-

33 1312 183 1373 mium
213 1311 352 1372 igitur
371 1305 626 1352 Alcibiadis
656 1304 907 1350 rationibus
926 1306 1005 1349 VI.
1047 1320 1111 1364 ι7.
1140 1304 1207 1349 18.
1238 1304 1438 1350 tribuere
1472 1305 1654 1350 videtur
1671 1309 1827 1364 Poppo

33 1386 188 1441 (Tom.
225 1387 242 1428 l
292 1393 331 1432 2.
366 1398 409 1442 p.
447 1385 555 1433 121)
590 1377 671 1439 qui
700 1393 793 1422 non
819 1378 936 1422 adeo
969 1377 1209 1423 difficilem
1242 1378 1380 1424 fuisse
1411 1378 1578 1423 Siciliae
1602 1395 1828 1441 expugna-

31 1459 207 1504 tionem
240 1452 499 1507 contendit,
531 1460 585 1497 ut
616 1466 826 1511 prospero
857 1450 926 1495 uti
959 1466 1172 1496 successu
1194 1451 1463 1511 neutiquam
1489 1464 1653 1513 posset.
1681 1455 1824 1512 'Quod

31 1541 85 1575 ut
114 1530 384 1590 largiamur3
417 1537 603 1580 tamen,
635 1522 709 1570 vel
740 1524 778 1569 si
810 1523 992 1569 fortuna
1023 1524 1195 1569 diutius
1237 1525 1430 1569 Athenis
1470 1525 1650 1571 favente
1691 1528 1823 1587 Syra-

32 1617 151 1649 cusae
182 1603 290 1661 ipsae
323 1609 467 1659 captae
498 1597 711 1651 fuissent,
742 1596 879 1641 facile
912 1608 1009 1642 erat
1039 1607 1286 1659 auguratu,
1319 1598 1437 1654 fore,
1470 1609 1523 1645 ut
1555 1609 1732 1645 tantam
1752 1619 1824 1647 ur-

31 1680 138 1723 bem
169 1673 390 1721 Doricam
421 1688 449 1717 a
479 1670 674 1716 Jonibus
707 1670 852 1716 teneri
884 1687 996 1717 cum
1022 1670 1185 1718 incolae
1216 1671 1327 1732 ipsi,
1368 1671 1600 1734 octoginta
1633 1673 1825 1721 triremi-

30 1753 113 1795 bus
147 1749 271 1800 (Vll.
290 1749 371 1803 22)
404 1743 626 1798 instructi,
660 1760 760 1805 quae
790 1761 898 1790 cum
931 1746 1042 1790 urbe
1062 1761 1154 1790 non
1184 1744 1388 1805 protinus
1420 1745 1704 1791 deditionem
1731 1747 1823 1794 fac-

29 1836 142 1869 turae
178 1820 394 1875 fuissent,
437 1829 538 1865 tum
583 1817 750 1880 reliqui
791 1820 961 1872 Dor-es,
1006 1818 1254 1878 praesertim
1288 1817 1533 1872 Corinthii,
1577 1818 1722 1878 quil.
1761 1821 1822 1878 46

29 1899 243 1940 adversus
277 1894 535 1954 Corcyraeos
567 1892 816 1953 nonaginta
845 1891 1032 1935 navium
1075 1891 1267 1936 classem
1312 1901 1651 1950 compararant,
1694 1893 1822 1939 deni·
1873 1912 1876 1915 ·

28 1965 565 2030 quenetLacedaemonii
596 1979 688 2011 non
722 1964 803 2010 diu
835 1974 1118 2025 paterentur:
1161 1974 1214 2008 ut
1242 1963 1381 2027 igitur
1417 1965 1530 2008 urbe
1572 1975 1699 2011 tanto
1740 1971 1819 2012 ho-

30 2043 217 2087 minum
241 2049 290 2085 et
319 2044 615 2084 nummorum
645 2036 882 2100 impendio
916 2050 1043 2099 parta
1076 2036 1433 2086 Atheniensibus
1474 2054 1564 2082 non
1596 2038 1692 2084 sine
1721 2052 1822 2085 frna‘-

27 2115 151 2160 xima
181 2113 316 2159 clade
349 2111 474 2157 brevi
504 2111 766 2157 cedendum
798 2122 925 2158 esset.
1714 2128 1717 2132 ’

115 2188 152 2247 ᾗ.
185 2187 226 2233 8.
258 2203 296 2233 c.
326 2184 400 2248 69.
435 2184 738 2238 Athenienses
773 2184 1114 2233 Melesandrum
1148 2198 1387 2248 praetorem
1430 2204 1538 2235 cum
1580 2200 1657 2235 sex
1689 2184 1812 2230 navi·
