1918 2497
1825 126 1879 171 13

90 245 286 290 Thraces
322 261 442 291 esse:
477 260 616 306 quos,
649 245 688 289 si
720 244 955 290 communi
986 243 1119 290 unius
1152 243 1344 305 imperio
1378 251 1425 288 et
1457 240 1749 299 consiliorum
1769 262 1876 291 con-

90 319 244 364 cordia
286 329 542 373 uterentur,
588 317 779 364 invictos
818 312 993 365 futuros
1036 335 1145 364 esse.
1218 320 1289 378 De
1330 317 1509 379 populis
1549 328 1670 363 trans
1711 321 1876 364 Istrum

87 392 186 437 sitis
218 409 301 438 nec
336 408 699 454 secumprorsus
740 409 827 438 nec
869 409 977 438 cum
1014 391 1291 454 Thucydide
1331 392 1558 440 consentit
1602 392 1876 438 Herodotus.

88 468 260 511 Gentes
296 467 442 520 enim,
478 467 561 522 ait,
596 468 672 526 (V.
685 461 753 529 .9)⁴
777 468 825 512 in
856 467 1000 511 altera
1030 467 1134 511 Istri
1165 468 1262 527 ripa
1290 470 1399 514 sitas
1431 467 1763 529 propemodum
1797 467 1877 511 ob·

87 555 242 585 scuras
277 549 321 584 et
354 540 529 601 ignotas
563 556 687 596 esse,
719 557 806 586 nec
839 540 896 585 de
927 538 1025 585 ulla
1054 556 1102 598 se
1135 552 1421 602 compertum
1455 541 1646 596 habere,
1686 540 1775 587 nisi
1817 540 1877 586 de

86 614 312 673 Sigynnis.
357 615 543 657 'serram
564 629 670 658 vero
699 612 922 659 incultam
951 605 1039 659 sibi
1069 612 1212 659 videri
1245 623 1292 659 et
1322 615 1369 659 in
1400 615 1681 660 immensum
1706 623 1877 675 patere.

86 688 217 731 idem
252 704 355 732 vero
387 686 462 732 lV.
496 704 557 748 99,
621 690 788 733 Istrum
829 688 875 733 in
916 687 1192 749 Scytharum
1229 687 1396 749 finibus
1438 690 1553 733 mari
1588 689 1769 734 misceri
1801 705 1878 732 su·

86 761 184 804 mit.
218 759 408 813 (confer.
441 762 634 804 Arriam.
669 759 726 803 de
756 775 856 821 exp.
881 759 954 805 Al.
986 763 1021 805 I.
1045 760 1095 818 3)
1132 760 1252 806 Cum
1283 777 1388 806 vero
1421 760 1724 806 Athenienses
1756 776 1876 806 mer-

83 843 288 878 caturam
330 831 453 877 haud
498 832 596 877 sine
625 845 801 893 quaestu
841 850 946 878 cum
991 833 1274 880 Chersoneso
1310 835 1529 888 Taurica,
1576 835 1658 880 ubi
1689 837 1875 896 Scythae

84 906 379 962 habitabant,
413 915 692 962 exercerent,
727 906 993 970 Thucydidi
1024 906 1295 953 Atheniensi
1338 907 1411 952 vel
1444 907 1563 953 hanc
1594 911 1653 953 ob
1685 924 1874 954 causam

87 981 216 1041 copia
251 983 367 1034 erat,
402 980 460 1024 de
482 980 663 1041 Scythis
696 997 802 1025 vera
823 981 1146 1042 comperiendi.
1209 982 1390 1026 Deinde
1416 983 1638 1042 cumipse
1659 982 1707 1026 in
1729 981 1875 1026 Thra-

26 1094 30 1097 (
86 1054 155 1098 cia
188 1054 266 1098 diu
299 1053 568 1109 habitasset,
603 1053 802 1099 Thraces
836 1065 884 1100 et
909 1044 1110 1100 Danubii
1141 1054 1320 1099 accolas
1343 1071 1434 1099 non
1454 1056 1603 1114 potuit
1624 1072 1716 1100 non
1736 1055 1873 1115 probe

87 1127 287 1187 cognitos
327 1127 516 1171 habere:
569 1127 787 1187 idemque
830 1126 1019 1186 populos
1060 1125 1286 1186 Scythicae
1327 1126 1510 1187 originis
1541 1144 1631 1172 non
1664 1129 1722 1171 ad
1755 1128 1874 1173 ostIa

85 1200 234 1245 solum
267 1200 466 1245 Danubii
493 1201 573 1245 sed
606 1201 664 1245 ad
697 1200 958 1246 interiorem
982 1215 1163 1261 quoque
1184 1199 1310 1245 fluvii
1333 1199 1478 1260 ripam
1508 1199 1873 1246 l1abitare.haud

83 1275 220 1318 dubie
263 1274 502 1328 credebat,
536 1272 700 1318 melius
734 1274 966 1318 Herodoto
1000 1273 1085 1319 ista
1118 1274 1176 1318 de
1209 1275 1500 1326 reedoctus.
1543 1274 1737 1318 -Mirum
1768 1291 1872 1319 vero

85 1364 176 1392 uon
210 1357 297 1401 est,
342 1346 464 1408 quod
496 1356 646 1392 tantas
678 1361 784 1407 opes
817 1345 1000 1407 Scythis
1031 1348 1194 1392 Noster
1234 1346 1467 1401 tribuerit,
1510 1363 1617 1391 eum
1658 1364 1874 1409 magnam

89 1421 341 1466 borealium
375 1423 564 1482 Europae
594 1420 830 1482 regionum
860 1429 1037 1480 partem
1072 1430 1121 1464 et
1151 1430 1365 1480 praeterea
1400 1420 1519 1465 Asiae
1551 1422 1716 1469 mediae
1758 1433 1874 1467 trac·

85 1505 185 1539 tum
229 1494 352 1537 haud
398 1495 612 1555 exiguum
657 1504 811 1538 tenere
853 1495 1038 1555 Scythae
1068 1492 1383 1558 crederentur:
1422 1511 1512 1554 qua
1545 1495 1602 1539 de
1635 1512 1681 1539 re
1723 1496 1875 1539 confe-

87 1567 215 1613 rendi
237 1576 354 1614 ‚sunt
384 1569 618 1621 Diodorus
642 1566 672 1610 l.
704 1568 761 1610 ΙΙ.
796 1566 866 1611 ed.
889 1565 1043 1626 Steph.
1076 1582 1115 1625 p.
1142 1566 1214 1625 89.
1248 1582 1274 1609 c
1308 1565 1378 1610 35.
1399 1567 1471 1623 43.
1506 1570 1725 1610 Justinus
1747 1569 1805 1611 11.
1830 1569 1875 1612 3.

93 1643 281 1686 Curtius
313 1641 392 1682 VI.
425 1652 465 1681 2.
484 1647 547 1681 >et
578 1640 741 1695 Bayer
771 1639 819 1692 iu
851 1648 1086 1700 comment
1132 1639 1307 1697 Petrop.
1341 1637 1371 1681 l.
1394 1655 1435 1698 p.
1453 1639 1542 1698 395
1560 1655 1658 1700 sqq.
1708 1642 1874 1683 Parum

85 1730 190 1758 vero
221 1711 350 1757 cultu
381 1708 573 1770 Scythas
609 1709 848 1770 profecisse
881 1710 987 1754 ideo
1020 1710 1186 1755 Noster
1216 1709 1354 1765 dicit,
1386 1712 1508 1771 quod
1538 1712 1596 1755 ab
1628 1709 1876 1772 elegantio-

87 1788 208 1832 ribus
241 1787 344 1831 vitae
375 1784 573 1838 deliciis,
613 1784 783 1827 artibus
816 1791 865 1826 et
894 1792 1150 1827 mercatura
1191 1782 1373 1840 alienae‚
1418 1800 1623 1846 vagoque
1661 1783 1767 1829 vitae
1799 1800 1875 1845 ge-

88 1877 195 1905 nere
225 1868 406 1904 utentes
437 1857 666 1903 nonnullae
696 1872 850 1901 eorum
883 1856 1042 1915 stirpes
1075 1867 1242 1902 terram
1269 1874 1361 1902 non
1383 1858 1594 1912 arabant,
1627 1859 1687 1901 de
1709 1858 1872 1918 quibus

88 1932 355 1992 Aeso-lydus
401 1929 648 1988 (Prometh.
672 1929 809 1976 vinct.
830 1944 923 1990 707
946 1935 1065 1993 sqq.)
1101 1929 1242 1976 canit:
1277 1934 1379 1973 ‘Hm
1414 1950 1487 1986 πρυ
1520 1940 1666 1974 &nome
1698 1936 1874 1986 Στροψασα

87 2027 227 2050 ταυτην,
253 2011 337 2053 ‘ax’
360 2012 521 2058 dulfon-us
546 2020 641 2054 yvoer.
687 2009 832 2059 quffus
869 2009 1016 2053 θὀἷφιξα
1051 2009 1201 2054 rogandus·
1227 2011 1255 2046 δι
1279 2015 1428 2046 ammas
1454 2024 1551 2054 etym·
1574 2007 1729 2056 πεδαρσιοι
1758 2010 1875 2044 vuovo'

87 2085 136 2119 ἐπ’
161 2085 322 2134 ἒωιυκλοςς
348 2084 457 2127 ὄχοις,
484 2085 652 2125 ἕκηβολοσ
679 2082 808 2125 τοξοισιν
831 2081 1043 2130 ἔξηρτημενοι.
1099 2075 1278 2121 Confer.
1296 2092 1397 2136 quae
1417 2076 1692 2122 Strabovll-
1716 2074 1807 2134 §.6.
1827 2088 1872 2134 9.

92 2152 162 2194 de
181 2165 359 2193 morum
392 2140 636 2210 asperitate
670 2159 716 2194 et
748 2149 854 2193 exili
884 2149 1010 2194 victu
1032 2148 1309 2211 Scytharum
1341 2147 1489 2193 refert.
1517 2149 1792 2193 Eustachius
1819 2141 1873 2196 ‘iu

91 2234 385 2279 commentar.
419 2225 477 2269 ad
503 2226 783 2284 Dionysium
815 2223 1079 2285 Periegeten
1111 2241 1153 2270 v.
1180 2223 1272 2272 666
1304 2227 1367 2285 (p.
1386 2222 1472 2268 230
1503 2223 1574 2268 ed.
1598 2216 1872 2284 'Bernhardy

1594 2296 1608 2317 ι
